@misc{Wiki,
       author = "Open forum",
       title = "www.wikipedia.com",},

@misc{google,
       author = "Open forum",
       title = "www.google.com",},

@Book{norman,
       auTHor = "Norman Nise",
       Title = "Control System Engineering",
       publisher = "Wiley",
       YEAR = {2012},},



